@misc{CSNLN,
	title={Image Super-Resolution with Cross-Scale Non-Local Attention and Exhaustive Self-Exemplars Mining}, 
	author={Yiqun Mei and Yuchen Fan and Yuqian Zhou and Lichao Huang and Thomas S. Huang and Humphrey Shi},
	year={2020},
	eprint={2006.01424},
	archivePrefix={arXiv},
	primaryClass={cs.CV}
}
@article{EDSR,
	author    = {Bee Lim and
	Sanghyun Son and
	Heewon Kim and
	Seungjun Nah and
	Kyoung Mu Lee},
	title     = {Enhanced Deep Residual Networks for Single Image Super-Resolution},
	journal   = {CoRR},
	volume    = {abs/1707.02921},
	year      = {2017},
	url       = {http://arxiv.org/abs/1707.02921},
	archivePrefix = {arXiv},
	eprint    = {1707.02921},
	timestamp = {Mon, 13 Aug 2018 16:47:38 +0200},
	biburl    = {https://dblp.org/rec/journals/corr/LimSKNL17.bib},
	bibsource = {dblp computer science bibliography, https://dblp.org}
}
@InProceedings{DIV2K,
	author = {Agustsson, Eirikur and Timofte, Radu},
	title = {NTIRE 2017 Challenge on Single Image Super-Resolution: Dataset and Study},
	booktitle = {The IEEE Conference on Computer Vision and Pattern Recognition (CVPR) Workshops},
	url = "http://www.vision.ee.ethz.ch/~timofter/publications/Agustsson-CVPRW-2017.pdf",
	month = {July},
	year = {2017}
}

@article{Set5,
	author =       "Marco Bevilacqua, Aline Roumy, Christine Guillemot, and Marie Line Alberi-Morel",
	title =        "Low-complexity single-image	super-resolution based on nonnegative neighbor embedding",
	journal =      "In Proceedings of the British Machine Vision Conference",
	year =         "2012"
}
@article{NonLocalAttention,
	author    = {Xiaolong Wang and
	Ross B. Girshick and
	Abhinav Gupta and
	Kaiming He},
	title     = {Non-local Neural Networks},
	journal   = {CoRR},
	volume    = {abs/1711.07971},
	year      = {2017},
	url       = {http://arxiv.org/abs/1711.07971},
	archivePrefix = {arXiv},
	eprint    = {1711.07971},
	timestamp = {Fri, 05 Apr 2019 07:29:46 +0200},
	biburl    = {https://dblp.org/rec/journals/corr/abs-1711-07971.bib},
	bibsource = {dblp computer science bibliography, https://dblp.org}
}
@article{San,
	author =       "Tao Dai, Jianrui Cai, Yongbing Zhang, Shu-Tao Xia, and Lei Zhang",
	title =        "Second-order attention network for single image super-resolution",
	year =         "2019"
}
@inproceedings{NIPS2012_c399862d,
	author = {Krizhevsky, Alex and Sutskever, Ilya and Hinton, Geoffrey E},
	booktitle = {Advances in Neural Information Processing Systems},
	editor = {F. Pereira and C. J. C. Burges and L. Bottou and K. Q. Weinberger},
	pages = {1097--1105},
	publisher = {Curran Associates, Inc.},
	title = {ImageNet Classification with Deep Convolutional Neural Networks},
	url = {https://proceedings.neurips.cc/paper/2012/file/c399862d3b9d6b76c8436e924a68c45b-Paper.pdf},
	volume = {25},
	year = {2012}
}
@misc{ResNet,
	title={Deep Residual Learning for Image Recognition}, 
	author={Kaiming He and Xiangyu Zhang and Shaoqing Ren and Jian Sun},
	year={2015},
	eprint={1512.03385},
	archivePrefix={arXiv},
	primaryClass={cs.CV}
}
@article{SRCNN,
	author    = {Chao Dong and
	Chen Change Loy and
	Kaiming He and
	Xiaoou Tang},
	title     = {Image Super-Resolution Using Deep Convolutional Networks},
	journal   = {CoRR},
	volume    = {abs/1501.00092},
	year      = {2015},
	url       = {http://arxiv.org/abs/1501.00092},
	archivePrefix = {arXiv},
	eprint    = {1501.00092},
	timestamp = {Mon, 13 Aug 2018 16:46:08 +0200},
	biburl    = {https://dblp.org/rec/journals/corr/DongLHT15.bib},
	bibsource = {dblp computer science bibliography, https://dblp.org}
}
@article{DBPN,
	author    = {Muhammad Haris and
	Greg Shakhnarovich and
	Norimichi Ukita},
	title     = {Deep Back-Projection Networks For Super-Resolution},
	journal   = {CoRR},
	volume    = {abs/1803.02735},
	year      = {2018},
	url       = {http://arxiv.org/abs/1803.02735},
	archivePrefix = {arXiv},
	eprint    = {1803.02735},
	timestamp = {Mon, 13 Aug 2018 16:47:14 +0200},
	biburl    = {https://dblp.org/rec/journals/corr/abs-1803-02735.bib},
	bibsource = {dblp computer science bibliography, https://dblp.org}
}
@article{SRResNet,
	author    = {Christian Ledig and
	Lucas Theis and
	Ferenc Huszar and
	Jose Caballero and
	Andrew P. Aitken and
	Alykhan Tejani and
	Johannes Totz and
	Zehan Wang and
	Wenzhe Shi},
	title     = {Photo-Realistic Single Image Super-Resolution Using a Generative Adversarial
	Network},
	journal   = {CoRR},
	volume    = {abs/1609.04802},
	year      = {2016},
	url       = {http://arxiv.org/abs/1609.04802},
	archivePrefix = {arXiv},
	eprint    = {1609.04802},
	timestamp = {Mon, 13 Aug 2018 16:48:38 +0200},
	biburl    = {https://dblp.org/rec/journals/corr/LedigTHCATTWS16.bib},
	bibsource = {dblp computer science bibliography, https://dblp.org}
}
@inproceedings{Set5,
	title={Low-Complexity Single-Image Super-Resolution based on Nonnegative Neighbor Embedding},
	author={Marco Bevilacqua and Aline Roumy and Christine Guillemot and Marie-line Alberi Morel},
	year={2012},
	pages={135.1--135.10},
	booktitle={Proceedings of the British Machine Vision Conference},
	publisher={BMVA Press},
	editors={Bowden, Richard and Collomosse, John and Mikolajczyk, Krystian},
	publisher={BMVA Press},
	isbn={1-901725-46-4},
	doi={http://dx.doi.org/10.5244/C.26.135}
}
